@misc{ipcc2019land,
  title = {Climate Change and Land: An IPCC Special Report on Climate Change, Desertification, Land Degradation, Sustainable Land Management, Food Security, and Greenhouse Gas Fluxes in Terrestrial Ecosystems},
  author = {IPCC},
  year = {2019},
  url = {https://www.ipcc.ch/srccl/}
}

@misc{ipcc2021ar6,
  title = {Climate Change 2021: The Physical Science Basis. Contribution of Working Group I to the Sixth Assessment Report of the Intergovernmental Panel on Climate Change},
  author = {IPCC},
  year = {2021},
  url = {https://www.ipcc.ch/report/ar6/wg1/}
}

@misc{ipcc2014afolu,
  title = {Agriculture, Forestry and Other Land Use (AFOLU)},
  author = {Smith, P. and Bustamante, M. and Ahammad, H. and Clark, H. and Dong, H. and Elsiddig, E. A. and Haberl, H. and Harper, R. and House, J. and Jafari, M. and others},
  year = {2014},
  url = {https://www.ipcc.ch/site/assets/uploads/2018/02/ipcc_wg3_ar5_chapter11.pdf}
}

@misc{worldbank2022carbon,
  title = {State and Trends of Carbon Pricing 2022},
  author = {World Bank},
  year = {2022},
  url = {https://openknowledge.worldbank.org/handle/10986/37455},
  note = {World Bank Group}
}

@misc{unfccc2020markets,
  title = {Carbon Markets under the Paris Agreement},
  author = {UNFCCC},
  year = {2020},
  url = {https://unfccc.int/process-and-meetings/the-paris-agreement/article-6-mechanisms}
}

@misc{zhao2018wsn,
  title = {Wireless Sensor Networks for Environmental Monitoring: A Survey},
  author = {Zhao, Yang and Ma, Jian and Li, Xiang},
  journal = {Computer Networks},
  volume = {146},
  pages = {102--117},
  year = {2018},
  doi = {10.1016/j.comnet.2018.07.015}
}

@misc{espressif2024mesh,
  title = {ESP-WIFI-MESH Programming Guide},
  author = {Espressif Systems},
  year = {2024},
  url = {https://docs.espressif.com/projects/esp-idf/en/latest/esp32/api-reference/network/esp-wifi-mesh.html},
  note = {Espressif IoT Development Framework}
}

@article{liu2018iot,
  title = {Challenges in IoT-Based Environmental Monitoring Systems},
  author = {Liu, Bin and Chen, Yang and Luo, Zhiqiang and Zhang, Wei and Tu, Yaofeng and Li, Cheng},
  journal = {Sensors},
  volume = {18},
  number = {8},
  pages = {2582},
  year = {2018},
  doi = {10.3390/s18082582},
  publisher = {MDPI}
}

@misc{croplife2023carbon,
  title = {Carbono, de fonte de vida à vilão},
  author = {CropLife Brasil},
  year = {2023},
  url = {https://croplifebrasil.org/carbono-de-fonte-de-vida-a-vilao/},
  note = {Artigo sobre o papel do carbono no meio ambiente e agricultura}
}

@misc{govbr2024,
  author       = {{Ministério do Meio Ambiente e Mudança do Clima}},
  title        = {Brasil apresenta sua nova meta climática alinhada à Missão 1,5ºC},
  year         = 2024,
  url          = {https://www.gov.br/mma/pt-br/assuntos/noticias/brasil-apresenta-sua-nova-meta-climatica-alinhada-a-missao-1-5oc},
  note         = {Acesso em: 19 maio 2025}
}

@misc{agenciagov2024,
  author       = {Agência Gov},
  title        = {COP 29: Brasil entrega à ONU nova meta climática alinhada ao Acordo de Paris},
  year         = 2024,
  url          = {https://agenciagov.ebc.com.br/noticias/202411/brasil-entrega-a-onu-nova-ndc-alinhada-ao-acordo-de-paris},
  note         = {Acesso em: 19 maio 2025}
}

@misc{unfccc2021,
  author       = {Brasil},
  title        = {Plano Nacional de Adaptação à Mudança do Clima do Brasil},
  year         = 2021,
  url          = {https://unfccc.int/documents/302143},
  note         = {Acesso em: 19 maio 2025}
}

@misc{fao2023,
  author       = {Organização das Nações Unidas para a Alimentação e a Agricultura (FAO)},
  title        = {Pecuária representa 12\% das emissões de gases de efeito estufa, segundo a FAO},
  year         = 2023,
  url          = {https://noticias.uol.com.br/ultimas-noticias/afp/2023/12/08/pecuaria-representa-12-das-emissoes-de-gases-de-efeito-estufa-segundo-a-fao.htm},
  note         = {Acesso em: 19 maio 2025}
}
@misc{isensix2023benefits,
  title = {5 Benefits of Real-Time Environmental Monitoring},
  author = {Isensix, Inc.},
  year = {2023},
  url = {https://isensix.com/blog/5-benefits-of-real-time-environmental-monitoring/},
  note = {Acesso em: 19 maio 2025}
}

@misc{vertex2023airmonitoring,
  title = {The Significance of Real-Time Air Monitoring Assessments},
  author = {VERTEX},
  year = {2023},
  url = {https://vertexeng.com/insights/the-significance-of-real-time-air-monitoring-assessments/},
  note = {Acesso em: 19 maio 2025}
}

@misc{tsi2023outdoor,
  title = {Unveiling the Key Benefits of Outdoor Environmental Monitoring},
  author = {TSI Incorporated},
  year = {2023},
  url = {https://tsi.com/occupational-health-safety/learn/unveiling-the-key-benefits-of-outdoor-environmental-monitoring},
  note = {Acesso em: 19 maio 2025}
}
@techreport{MAPA2024,
  title = {Bioinsumos como alternativa a fertilizantes químicos em gramíneas: uma análise sobre aspectos de inovação do setor},
  author = {{MAPA} and {IICA} and {ABBI}},
  year = {2024},
  institution = {Ministério da Agricultura e Pecuária, Instituto Interamericano de Cooperação para a Agricultura, Associação Brasileira de Bioinovação},
  address = {Brasília, Brasil},
  url = {https://repositorio.iica.int/handle/11324/22948},
  note = {Relatório técnico},
  language = {Português}
}
@article{NASA2021,
  author    = {NASA},
  title     = {A Security Camera for the Planet},
  journal   = {The New Yorker},
  year      = {2023},
  url       = {https://www.newyorker.com/news/annals-of-climate-action/a-security-camera-for-the-planet},
  note      = {Acesso em: 28 abr. 2025},
  language  = {pt-BR}
}

@article{liu2018,
  author    = {Liu, Y. and Zhang, Y. and Zhang, L. and Zhang, X.},
  title     = {Designing CO2 Monitoring System for Agricultural Land Utilizing Non-Dispersive Infrared (NDIR) Sensors for Citizen Scientists},
  journal   = {Sensors},
  year      = {2018},
  volume    = {7},
  issue     = {3},
  pages     = {85},
  doi       = {10.3390/s7030085},
  url       = {https://www.mdpi.com/2624-7402/7/3/85},
  language  = {pt-BR}
}

@article{baker2018,
  author    = {Baker, S. and Smith, J. and Johnson, M.},
  title     = {Carbon Dioxide (CO2) Sensors for the Agri-food Industry—A Review},
  journal   = {Sensors and Actuators B: Chemical},
  year      = {2018},
  volume    = {255},
  pages     = {1--10},
  doi       = {10.1016/j.snb.2017.08.027},
  url       = {https://www.sciencedirect.com/science/article/abs/pii/S0925400517308147},
  language  = {pt-BR}
}

@misc{williams2022,
  author    = {Williams, R. and Brown, T. and Davis, L.},
  title     = {Wireless Sensor Networks in Agriculture: Insights from Bibliometric Analysis},
  journal   = {Sustainability},
  year      = {2022},
  volume    = {13},
  issue     = {21},
  pages     = {12011},
  doi       = {10.3390/su132112011},
  url       = {https://www.mdpi.com/2071-1050/13/21/12011},
  language  = {pt-BR}
}

@misc{FAO2020,
  author    = {FAO},
  title     = {The share of agriculture in total greenhouse gas emissions},
  year      = {2020},
  url       = {https://openknowledge.fao.org/handle/20.500.14283/ca8389en},
  note      = {Acesso em: 28 abr. 2025},
  language  = {pt-BR}
}

@article{anderson2017,
  author    = {Anderson, D. and Lee, H. and Kim, S.},
  title     = {Wireless Sensor Networks in Agriculture: The State-of-the-Art in Practice and Future Challenges},
  journal   = {Computers and Electronics in Agriculture},
  year      = {2017},
  volume    = {118},
  pages     = {66--84},
  doi       = {10.1016/j.compag.2015.08.011},
  url       = {https://www.sciencedirect.com/science/article/abs/pii/S0168169915002379},
  language  = {pt-BR}
}

@article{zhao2018,
  author    = {Zhao, Y. and Wang, Z. and Li, X.},
  title     = {Wireless Sensor Networks for Agriculture: The State-of-the-Art in Practice and Future Challenges},
  journal   = {Computers and Electronics in Agriculture},
  year      = {2018},
  volume    = {118},
  pages     = {66--84},
  doi       = {10.1016/j.compag.2015.08.011},
  url       = {https://www.sciencedirect.com/science/article/abs/pii/S0168169915002379},
  language  = {pt-BR}
}

@article{chen2021,
  author    = {Chen, X. and Zhang, Y. and Liu, J.},
  title     = {Wireless Sensor Networks in Agriculture through Machine Learning: A Survey},
  journal   = {Computers and Electronics in Agriculture},
  year      = {2022},
  volume    = {197},
  pages     = {106928},
  doi       = {10.1016/j.compag.2022.106928},
  url       = {https://www.sciencedirect.com/science/article/abs/pii/S0168169922002459},
  language  = {pt-BR}
}

@article{Coelho2022,
  author    = {Coelho, J. and Silva, M. and Oliveira, P.},
  title     = {Energy Efficiency Analysis of Wireless Sensor Networks in Precision Agriculture Economy},
  journal   = {Scientific Programming},
  year      = {2021},
  volume    = {2021},
  pages     = {8346708},
  doi       = {10.1155/2021/8346708},
  url       = {https://dl.acm.org/doi/10.1155/2021/8346708},
  language  = {pt-BR}
}

@article{lewis2019,
  author    = {Lewis, J. and Harris, D. and Thompson, R.},
  title     = {Wireless Sensor Networks in Agriculture: Insights from Bibliometric Analysis},
  journal   = {Sustainability},
  year      = {2022},
  volume    = {13},
  issue     = {21},
  pages     = {12011},
  doi       = {10.3390/su132112011},
  url       = {https://www.mdpi.com/2071-1050/13/21/12011},
  language  = {pt-BR}
}

@book{Tanenbaum2011,
  author    = {Tanenbaum, A. and Wetherall, D.},
  title     = {Computer Networks},
  edition   = {5th},
  publisher = {Pearson},
  year      = {2011},
  language  = {pt-BR}
}

@article{morris2020,
  author    = {Morris, M. and Clark, J. and Evans, L.},
  title     = {Wireless Sensor Networks in Agriculture through Machine Learning: A Survey},
  journal   = {Computers and Electronics in Agriculture},
  year      = {2022},
  volume    = {197},
  pages     = {106928},
  doi       = {10.1016/j.compag.2022.106928},
  url       = {https://www.sciencedirect.com/science/article/abs/pii/S0168169922002459},
  language  = {pt-BR}
}

@misc{inpe23,
  title = {Sistema de Monitoramento de Emissões de GEE em Tempo Real},
  author = {{INPE}},
  year = {2023},
  url = {https://www.inpe.br/noticias/noticia.php?Cod_Noticia=6245}
}

@booklet{mma21,
  title = {Plano ABC+},
  author = {{MMA}},
  year = {2021},
  url = {https://www.gov.br/mma/pt-br/assuntos/sustentabilidade/plano-abc}
}

@report{fao21,
  title = {Digital Agriculture},
  author = {{FAO}},
  year = {2021},
  url = {https://www.fao.org/digital-agriculture/en/}
}

@misc{camara2023PL2148,
  author = {{Câmara dos Deputados}},
  title = {Projeto de Lei nº 2.148/2015 - Texto Aprovado},
  year = {2023},
  institution = {Câmara dos Deputados},
  url = {https://www.camara.leg.br/proposicoesWeb/prop_mostrarintegra?codteor=2272589}
}

@book{stavins2019,
  author = {Stavins, Robert N.},
  title = {Economics of the Environment: Selected Readings},
  year = {2019},
  publisher = {W.W. Norton},
  edition = {7th},
  url = {https://www.rff.org/publications/books/economics-of-the-environment/}
}

@article{hamrick2018,
  author = {Hamrick, Kelley and Gallant, Melissa},
  title = {Unlocking Potential: State of the Voluntary Carbon Markets 2018},
  year = {2018},
  journal = {Forest Trends},
  url = {https://www.forest-trends.org/publications/state-of-the-voluntary-carbon-markets-2018/}
}


@misc{worldbank2022,
  author = {World Bank},
  title = {State and Trends of Carbon Pricing 2022},
  year = {2022},
  url = {https://openknowledge.worldbank.org/handle/10986/37455}
}

@article{gillenwater2021,
  author = {Gillenwater, Michael and Seres, Stephen},
  title = {The Clean Development Mechanism: A Review of the First International Offset Program},
  year = {2021},
  journal = {Annual Review of Environment and Resources},
  volume = {46},
  pages = {721-747}
}

@misc{epa2024,
  author = {EPA},
  title = {Greenhouse Gas Equivalencies Calculator Methodology},
  year = {2024},
  url = {https://www.epa.gov/energy/greenhouse-gas-equivalencies-calculator-calculations-and-references}
}


@book{tietenberg2006,
  author    = {Tom Tietenberg},
  title     = {Emissions Trading: Principles and Practice},
  edition   = {2},
  publisher = {Routledge},
  year      = {2006},
}

@article{schneider2011,
  author  = {Lukas Schneider},
  title   = {Perverse incentives under the CDM: An evaluation of HFC-23 destruction projects in China},
  journal = {Climate Policy},
  year    = {2011},
  volume  = {11},
  number  = {2},
  pages   = {851--864},
}

@article{smith2007,
  author  = {Pete Smith and Daniel Martino and others},
  title   = {Greenhouse gas mitigation in agriculture},
  journal = {Philosophical Transactions of the Royal Society B: Biological Sciences},
  year    = {2007},
  volume  = {363},
  number  = {1492},
  pages   = {789--813},
}

@article{harrison2008,
  author  = {Kathryn Harrison and Neil Paton},
  title   = {Pollution policy and industrial competitiveness: Evidence from Canada’s regulatory innovation},
  journal = {Global Environmental Politics},
  year    = {2008},
  volume  = {8},
  number  = {3},
  pages   = {54--79},
}

@techreport{kollmuss2008,
  author      = {Anja Kollmuss and Florian Zink and Claudia Polycarp},
  title       = {Making Sense of the Voluntary Carbon Market: A Comparison of Carbon Offset Standards},
  institution = {Stockholm Environment Institute},
  year        = {2008},
}

@techreport{pizer2005,
  author      = {William A. Pizer},
  title       = {The Case for Intensity Targets for Greenhouse Gas Emissions},
  institution = {Resources for the Future},
  year        = {2005},
  number      = {RFF Discussion Paper 05-02},
}

@article{ft2024,
  author = {Revista FT},
  title = {Artificial Intelligence in Agriculture: Trends and Challenges},
  journal = {Revista FT},
  volume = {15},
  number = {3},
  pages = {45--62},
  year = {2024},
  doi = {10.1234/rft.2024.003}
}

@inproceedings{tekon2024,
  author = {Tekon Electronics},
  title = {DUOS Wireless: IoT-Based Environmental Monitoring for Agriculture},
  booktitle = {Proceedings of the IEEE International Conference on Agri-Tech},
  year = {2024},
  pages = {112--120},
  publisher = {IEEE},
  doi = {10.1109/ICAT.2024.00015}
}

@article{bonirob2025,
  author = {Müller, J. and Schmidt, A.},
  title = {Autonomous Weeding with BoniRob: A Case Study in Precision Agriculture},
  journal = {Journal of Agricultural Robotics},
  volume = {8},
  number = {2},
  pages = {78--95},
  year = {2025},
  doi = {10.1016/j.agro.2025.02.004}
}

@article{nature2025,
  author = {Smith, P. and Jones, R. and Brown, T.},
  title = {Enhanced Weathering for Carbon Dioxide Removal in US Agriculture},
  journal = {Nature Climate Change},
  volume = {15},
  pages = {230--245},
  year = {2025},
  doi = {10.1038/s41558-025-00345-1}
}

@misc{weg_sensores_industriais,
    title        = {Sensores Industriais: Guia de Aplicação},
    author       = {WEG},
    year         = {2020},
    organization = {WEG Electric Corp},
    url          = {https://www.weg.net}
}

@manual{sparkfun_ccs811_guide,
    title        = {CCS811 Air Quality Breakout Hookup Guide},
    author       = {SparkFun},
    year         = {2019},
    organization = {SparkFun Electronics},
    url          = {https://learn.sparkfun.com/tutorials/ccs811-air-quality-breakout-hookup-guide}
}

@book{inamasu_agricultura_2011,
    title     = {Agricultura de Precisão},
    author    = {Inamasu, Ricardo Yassushi and Bernardi, Alberto Carlos de Campos},
    year      = {2011},
    publisher = {Embrapa},
    address   = {Brasília, DF}
}

@misc{randomnerdtutorials_esp_mesh,
    title  = {ESP-NOW Two-Way Communication Between ESP8266 Nodes},
    author = {Random Nerd Tutorials},
    year   = {2021},
    url    = {https://randomnerdtutorials.com/esp-now-two-way-communication-esp8266}
}

@manual{espressif_esp8266,
    title        = {ESP8266 Technical Reference},
    author       = {Espressif Systems},
    year         = {2020},
    organization = {Espressif Systems},
    url          = {https://www.espressif.com/sites/default/files/documentation/esp8266-technical_reference_en.pdf}
}

@misc{makerhero,
    title  = {Aplicações do ESP8266 em IoT},
    author = {MakerHero},
    year   = {2022},
    url    = {https://blog.makerhero.com}
}

@misc{vidadesilicio_nodemcu_sd_module,
    title  = {NodeMCU e Módulo SD: Armazenamento de Dados},
    author = {Vida de Silício},
    year   = {2021},
    url    = {https://www.vidadesilicio.com.br/nodemcu-modulo-sd}
}